<?xml version="1.0" encoding="UTF-8"?><collection xmlns="http://www.loc.gov/MARC21/slim"><record><leader>00498nam--2200193-u-4500</leader><controlfield tag="001">000050978</controlfield><controlfield tag="002">20161230</controlfield><controlfield tag="005">20170122223151</controlfield><controlfield tag="008">080506s1000------------r-----000-0-eng-d</controlfield><datafield ind1=" " ind2=" " tag="020"><subfield code="a">9971-978-77-6</subfield></datafield><datafield ind1=" " ind2=" " tag="040"><subfield code="a">IFIN-HH</subfield></datafield><datafield ind1=" " ind2=" " tag="080"><subfield code="a">511(061.3)</subfield></datafield><datafield ind1="1" ind2=" " tag="100"><subfield code="a">Akiyama, Jim</subfield><subfield code="e">ed</subfield></datafield><datafield ind1="1" ind2=" " tag="245"><subfield code="a">Number Theory and Combinatorics Japan 1984</subfield></datafield><datafield ind1=" " ind2=" " tag="260"><subfield code="a">Singapore</subfield><subfield code="b">World Scientific</subfield><subfield code="c">1984</subfield></datafield><datafield ind1=" " ind2=" " tag="300"><subfield code="a">446 p</subfield></datafield><datafield ind1=" " ind2=" " tag="700"><subfield code="a">Shiokawa, Iekata</subfield><subfield code="e">ed</subfield></datafield><datafield ind1=" " ind2=" " tag="852"><subfield code="a">79099</subfield><subfield code="c">511.2</subfield></datafield><datafield ind1=" " ind2=" " tag="CAT"><subfield code="a">SYS</subfield><subfield code="c">20170122</subfield><subfield code="h">223151</subfield></datafield></record></collection>